<collection xmlns="http://www.loc.gov/MARC21/slim">
<record>
  <leader>00316na 0a22001091i 450 </leader>
  <controlfield tag="001">IT\ICCU\CNCE\044142</controlfield>
  <controlfield tag="005">20110321000000.0</controlfield>
  <datafield tag="100" ind1=" " ind2=" ">
    <subfield code="a">19990112             0itac0103    ba</subfield>
  </datafield>
  <datafield tag="101" ind1=" " ind2=" ">
    <subfield code="a">ITA</subfield>
  </datafield>
  <datafield tag="200" ind1="1" ind2=" ">
    <subfield code="a">Discorso di m. Dario Attendoli intorno all&apos;honore</subfield>
  </datafield>
  <datafield tag="700" ind1=" " ind2="1">
    <subfield code="a">Attendolo,</subfield>
    <subfield code="b">Dario</subfield>
    <subfield code="3">IT\ICCU\CNCA\000947</subfield>
  </datafield>
  <datafield tag="801" ind1=" " ind2="3">
    <subfield code="a">IT</subfield>
    <subfield code="b">ICCU</subfield>
    <subfield code="c">20201114</subfield>
  </datafield>
</record>
</collection>
